%YAML 1.1
%TAG !u! tag:unity3d.com,2011:
--- !u!29 &1
OcclusionCullingSettings:
  m_ObjectHideFlags: 0
  serializedVersion: 2
  m_OcclusionBakeSettings:
    smallestOccluder: 5
    smallestHole: 0.25
    backfaceThreshold: 100
  m_SceneGUID: 00000000000000000000000000000000
  m_OcclusionCullingData: {fileID: 0}
--- !u!104 &2
RenderSettings:
  m_ObjectHideFlags: 0
  serializedVersion: 9
  m_Fog: 0
  m_FogColor: {r: 0.5, g: 0.5, b: 0.5, a: 1}
  m_FogMode: 3
  m_FogDensity: 0.01
  m_LinearFogStart: 0
  m_LinearFogEnd: 300
  m_AmbientSkyColor: {r: 0.212, g: 0.227, b: 0.259, a: 1}
  m_AmbientEquatorColor: {r: 0.114, g: 0.125, b: 0.133, a: 1}
  m_AmbientGroundColor: {r: 0.047, g: 0.043, b: 0.035, a: 1}
  m_AmbientIntensity: 1
  m_AmbientMode: 3
  m_SubtractiveShadowColor: {r: 0.42, g: 0.478, b: 0.627, a: 1}
  m_SkyboxMaterial: {fileID: 0}
  m_HaloStrength: 0.5
  m_FlareStrength: 1
  m_FlareFadeSpeed: 3
  m_HaloTexture: {fileID: 0}
  m_SpotCookie: {fileID: 10001, guid: 0000000000000000e000000000000000, type: 0}
  m_DefaultReflectionMode: 0
  m_DefaultReflectionResolution: 128
  m_ReflectionBounces: 1
  m_ReflectionIntensity: 1
  m_CustomReflection: {fileID: 0}
  m_Sun: {fileID: 0}
  m_IndirectSpecularColor: {r: 0, g: 0, b: 0, a: 1}
  m_UseRadianceAmbientProbe: 0
--- !u!157 &3
LightmapSettings:
  m_ObjectHideFlags: 0
  serializedVersion: 11
  m_GIWorkflowMode: 1
  m_GISettings:
    serializedVersion: 2
    m_BounceScale: 1
    m_IndirectOutputScale: 1
    m_AlbedoBoost: 1
    m_TemporalCoherenceThreshold: 1
    m_EnvironmentLightingMode: 0
    m_EnableBakedLightmaps: 0
    m_EnableRealtimeLightmaps: 0
  m_LightmapEditorSettings:
    serializedVersion: 10
    m_Resolution: 2
    m_BakeResolution: 40
    m_AtlasSize: 1024
    m_AO: 0
    m_AOMaxDistance: 1
    m_CompAOExponent: 1
    m_CompAOExponentDirect: 0
    m_Padding: 2
    m_LightmapParameters: {fileID: 0}
    m_LightmapsBakeMode: 1
    m_TextureCompression: 1
    m_FinalGather: 0
    m_FinalGatherFiltering: 1
    m_FinalGatherRayCount: 256
    m_ReflectionCompression: 2
    m_MixedBakeMode: 2
    m_BakeBackend: 1
    m_PVRSampling: 1
    m_PVRDirectSampleCount: 32
    m_PVRSampleCount: 500
    m_PVRBounces: 2
    m_PVRFilterTypeDirect: 0
    m_PVRFilterTypeIndirect: 0
    m_PVRFilterTypeAO: 0
    m_PVRFilteringMode: 1
    m_PVRCulling: 1
    m_PVRFilteringGaussRadiusDirect: 1
    m_PVRFilteringGaussRadiusIndirect: 5
    m_PVRFilteringGaussRadiusAO: 2
    m_PVRFilteringAtrousPositionSigmaDirect: 0.5
    m_PVRFilteringAtrousPositionSigmaIndirect: 2
    m_PVRFilteringAtrousPositionSigmaAO: 1
    m_ShowResolutionOverlay: 1
  m_LightingDataAsset: {fileID: 0}
  m_UseShadowmask: 1
--- !u!196 &4
NavMeshSettings:
  serializedVersion: 2
  m_ObjectHideFlags: 0
  m_BuildSettings:
    serializedVersion: 2
    agentTypeID: 0
    agentRadius: 0.5
    agentHeight: 2
    agentSlope: 45
    agentClimb: 0.4
    ledgeDropHeight: 0
    maxJumpAcrossDistance: 0
    minRegionArea: 2
    manualCellSize: 0
    cellSize: 0.16666667
    manualTileSize: 0
    tileSize: 256
    accuratePlacement: 0
    debug:
      m_Flags: 0
  m_NavMeshData: {fileID: 0}
--- !u!1001 &68576037
Prefab:
  m_ObjectHideFlags: 0
  serializedVersion: 2
  m_Modification:
    m_TransformParent: {fileID: 1646608254}
    m_Modifications:
    - target: {fileID: 4521851586251088, guid: 40f1bd0de9034fa47809bd4aee927545, type: 2}
      propertyPath: m_LocalPosition.x
      value: -0.75
      objectReference: {fileID: 0}
    - target: {fileID: 4521851586251088, guid: 40f1bd0de9034fa47809bd4aee927545, type: 2}
      propertyPath: m_LocalPosition.y
      value: -0.22
      objectReference: {fileID: 0}
    - target: {fileID: 4521851586251088, guid: 40f1bd0de9034fa47809bd4aee927545, type: 2}
      propertyPath: m_LocalPosition.z
      value: 0
      objectReference: {fileID: 0}
    - target: {fileID: 4521851586251088, guid: 40f1bd0de9034fa47809bd4aee927545, type: 2}
      propertyPath: m_LocalRotation.x
      value: -0
      objectReference: {fileID: 0}
    - target: {fileID: 4521851586251088, guid: 40f1bd0de9034fa47809bd4aee927545, type: 2}
      propertyPath: m_LocalRotation.y
      value: -0
      objectReference: {fileID: 0}
    - target: {fileID: 4521851586251088, guid: 40f1bd0de9034fa47809bd4aee927545, type: 2}
      propertyPath: m_LocalRotation.z
      value: -0
      objectReference: {fileID: 0}
    - target: {fileID: 4521851586251088, guid: 40f1bd0de9034fa47809bd4aee927545, type: 2}
      propertyPath: m_LocalRotation.w
      value: 1
      objectReference: {fileID: 0}
    - target: {fileID: 4521851586251088, guid: 40f1bd0de9034fa47809bd4aee927545, type: 2}
      propertyPath: m_RootOrder
      value: 3
      objectReference: {fileID: 0}
    - target: {fileID: 114328258563633448, guid: 40f1bd0de9034fa47809bd4aee927545,
        type: 2}
      propertyPath: m_nodes.Array.data[0]
      value: 
      objectReference: {fileID: 592029110}
    - target: {fileID: 114328258563633448, guid: 40f1bd0de9034fa47809bd4aee927545,
        type: 2}
      propertyPath: m_nodes.Array.data[1]
      value: 
      objectReference: {fileID: 641537575}
    m_RemovedComponents: []
  m_SourcePrefab: {fileID: 100100000, guid: 40f1bd0de9034fa47809bd4aee927545, type: 2}
  m_IsPrefabAsset: 0
--- !u!4 &68576038 stripped
Transform:
  m_CorrespondingSourceObject: {fileID: 4521851586251088, guid: 40f1bd0de9034fa47809bd4aee927545,
    type: 2}
  m_PrefabInternal: {fileID: 68576037}
--- !u!1 &244079454
GameObject:
  m_ObjectHideFlags: 0
  m_CorrespondingSourceObject: {fileID: 0}
  m_PrefabInternal: {fileID: 0}
  serializedVersion: 6
  m_Component:
  - component: {fileID: 244079457}
  - component: {fileID: 244079456}
  - component: {fileID: 244079455}
  - component: {fileID: 244079458}
  m_Layer: 0
  m_Name: Main Camera
  m_TagString: MainCamera
  m_Icon: {fileID: 0}
  m_NavMeshLayer: 0
  m_StaticEditorFlags: 0
  m_IsActive: 1
--- !u!81 &244079455
AudioListener:
  m_ObjectHideFlags: 0
  m_CorrespondingSourceObject: {fileID: 0}
  m_PrefabInternal: {fileID: 0}
  m_GameObject: {fileID: 244079454}
  m_Enabled: 1
--- !u!20 &244079456
Camera:
  m_ObjectHideFlags: 0
  m_CorrespondingSourceObject: {fileID: 0}
  m_PrefabInternal: {fileID: 0}
  m_GameObject: {fileID: 244079454}
  m_Enabled: 1
  serializedVersion: 2
  m_ClearFlags: 1
  m_BackGroundColor: {r: 0.19215687, g: 0.3019608, b: 0.4745098, a: 0}
  m_projectionMatrixMode: 1
  m_SensorSize: {x: 36, y: 24}
  m_LensShift: {x: 0, y: 0}
  m_FocalLength: 50
  m_NormalizedViewPortRect:
    serializedVersion: 2
    x: 0
    y: 0
    width: 1
    height: 1
  near clip plane: 0.3
  far clip plane: 1000
  field of view: 60
  orthographic: 1
  orthographic size: 5
  m_Depth: -1
  m_CullingMask:
    serializedVersion: 2
    m_Bits: 4294967295
  m_RenderingPath: -1
  m_TargetTexture: {fileID: 0}
  m_TargetDisplay: 0
  m_TargetEye: 3
  m_HDR: 1
  m_AllowMSAA: 0
  m_AllowDynamicResolution: 0
  m_ForceIntoRT: 0
  m_OcclusionCulling: 1
  m_StereoConvergence: 10
  m_StereoSeparation: 0.022
--- !u!4 &244079457
Transform:
  m_ObjectHideFlags: 0
  m_CorrespondingSourceObject: {fileID: 0}
  m_PrefabInternal: {fileID: 0}
  m_GameObject: {fileID: 244079454}
  m_LocalRotation: {x: 0, y: 0, z: 0, w: 1}
  m_LocalPosition: {x: 0, y: 0, z: -10}
  m_LocalScale: {x: 1, y: 1, z: 1}
  m_Children: []
  m_Father: {fileID: 0}
  m_RootOrder: 0
  m_LocalEulerAnglesHint: {x: 0, y: 0, z: 0}
--- !u!114 &244079458
MonoBehaviour:
  m_ObjectHideFlags: 0
  m_CorrespondingSourceObject: {fileID: 0}
  m_PrefabInternal: {fileID: 0}
  m_GameObject: {fileID: 244079454}
  m_Enabled: 1
  m_EditorHideFlags: 0
  m_Script: {fileID: 11500000, guid: 8fbafd904b836164a9172b783cfb8ca7, type: 3}
  m_Name: 
  m_EditorClassIdentifier: 
--- !u!1 &592029109
GameObject:
  m_ObjectHideFlags: 0
  m_CorrespondingSourceObject: {fileID: 0}
  m_PrefabInternal: {fileID: 0}
  serializedVersion: 6
  m_Component:
  - component: {fileID: 592029110}
  m_Layer: 0
  m_Name: a
  m_TagString: Untagged
  m_Icon: {fileID: 7250588514170254948, guid: 0000000000000000d000000000000000, type: 0}
  m_NavMeshLayer: 0
  m_StaticEditorFlags: 0
  m_IsActive: 1
--- !u!4 &592029110
Transform:
  m_ObjectHideFlags: 0
  m_CorrespondingSourceObject: {fileID: 0}
  m_PrefabInternal: {fileID: 0}
  m_GameObject: {fileID: 592029109}
  m_LocalRotation: {x: -0, y: -0, z: -0, w: 1}
  m_LocalPosition: {x: -2.35, y: -0.19, z: -0.017578125}
  m_LocalScale: {x: 1, y: 1, z: 1}
  m_Children: []
  m_Father: {fileID: 1646608254}
  m_RootOrder: 2
  m_LocalEulerAnglesHint: {x: 0, y: 0, z: 0}
--- !u!1 &641537574
GameObject:
  m_ObjectHideFlags: 0
  m_CorrespondingSourceObject: {fileID: 0}
  m_PrefabInternal: {fileID: 0}
  serializedVersion: 6
  m_Component:
  - component: {fileID: 641537575}
  m_Layer: 0
  m_Name: b
  m_TagString: Untagged
  m_Icon: {fileID: 7250588514170254948, guid: 0000000000000000d000000000000000, type: 0}
  m_NavMeshLayer: 0
  m_StaticEditorFlags: 0
  m_IsActive: 1
--- !u!4 &641537575
Transform:
  m_ObjectHideFlags: 0
  m_CorrespondingSourceObject: {fileID: 0}
  m_PrefabInternal: {fileID: 0}
  m_GameObject: {fileID: 641537574}
  m_LocalRotation: {x: -0, y: -0, z: -0, w: 1}
  m_LocalPosition: {x: 2.48, y: -0.19, z: -0.017578125}
  m_LocalScale: {x: 1, y: 1, z: 1}
  m_Children: []
  m_Father: {fileID: 1646608254}
  m_RootOrder: 4
  m_LocalEulerAnglesHint: {x: 0, y: 0, z: 0}
--- !u!1001 &673809294
Prefab:
  m_ObjectHideFlags: 0
  serializedVersion: 2
  m_Modification:
    m_TransformParent: {fileID: 1646608254}
    m_Modifications:
    - target: {fileID: 4076910978617622, guid: e396d2d1d8d9fdc41a1c6cafc54e961c, type: 2}
      propertyPath: m_LocalPosition.x
      value: -0.01
      objectReference: {fileID: 0}
    - target: {fileID: 4076910978617622, guid: e396d2d1d8d9fdc41a1c6cafc54e961c, type: 2}
      propertyPath: m_LocalPosition.y
      value: -4.35
      objectReference: {fileID: 0}
    - target: {fileID: 4076910978617622, guid: e396d2d1d8d9fdc41a1c6cafc54e961c, type: 2}
      propertyPath: m_LocalPosition.z
      value: 0
      objectReference: {fileID: 0}
    - target: {fileID: 4076910978617622, guid: e396d2d1d8d9fdc41a1c6cafc54e961c, type: 2}
      propertyPath: m_LocalRotation.x
      value: -0
      objectReference: {fileID: 0}
    - target: {fileID: 4076910978617622, guid: e396d2d1d8d9fdc41a1c6cafc54e961c, type: 2}
      propertyPath: m_LocalRotation.y
      value: -0
      objectReference: {fileID: 0}
    - target: {fileID: 4076910978617622, guid: e396d2d1d8d9fdc41a1c6cafc54e961c, type: 2}
      propertyPath: m_LocalRotation.z
      value: -0
      objectReference: {fileID: 0}
    - target: {fileID: 4076910978617622, guid: e396d2d1d8d9fdc41a1c6cafc54e961c, type: 2}
      propertyPath: m_LocalRotation.w
      value: 1
      objectReference: {fileID: 0}
    - target: {fileID: 4076910978617622, guid: e396d2d1d8d9fdc41a1c6cafc54e961c, type: 2}
      propertyPath: m_RootOrder
      value: 0
      objectReference: {fileID: 0}
    m_RemovedComponents: []
  m_SourcePrefab: {fileID: 100100000, guid: e396d2d1d8d9fdc41a1c6cafc54e961c, type: 2}
  m_IsPrefabAsset: 0
--- !u!4 &673809295 stripped
Transform:
  m_CorrespondingSourceObject: {fileID: 4076910978617622, guid: e396d2d1d8d9fdc41a1c6cafc54e961c,
    type: 2}
  m_PrefabInternal: {fileID: 673809294}
--- !u!1 &747395680
GameObject:
  m_ObjectHideFlags: 0
  m_CorrespondingSourceObject: {fileID: 0}
  m_PrefabInternal: {fileID: 0}
  serializedVersion: 6
  m_Component:
  - component: {fileID: 747395682}
  - component: {fileID: 747395681}
  m_Layer: 0
  m_Name: dark background
  m_TagString: Untagged
  m_Icon: {fileID: 0}
  m_NavMeshLayer: 0
  m_StaticEditorFlags: 0
  m_IsActive: 1
--- !u!212 &747395681
SpriteRenderer:
  m_ObjectHideFlags: 0
  m_CorrespondingSourceObject: {fileID: 0}
  m_PrefabInternal: {fileID: 0}
  m_GameObject: {fileID: 747395680}
  m_Enabled: 1
  m_CastShadows: 0
  m_ReceiveShadows: 0
  m_DynamicOccludee: 1
  m_MotionVectors: 1
  m_LightProbeUsage: 1
  m_ReflectionProbeUsage: 1
  m_RenderingLayerMask: 4294967295
  m_Materials:
  - {fileID: 10754, guid: 0000000000000000f000000000000000, type: 0}
  m_StaticBatchInfo:
    firstSubMesh: 0
    subMeshCount: 0
  m_StaticBatchRoot: {fileID: 0}
  m_ProbeAnchor: {fileID: 0}
  m_LightProbeVolumeOverride: {fileID: 0}
  m_ScaleInLightmap: 1
  m_PreserveUVs: 0
  m_IgnoreNormalsForChartDetection: 0
  m_ImportantGI: 0
  m_StitchLightmapSeams: 0
  m_SelectedEditorRenderState: 0
  m_MinimumChartSize: 4
  m_AutoUVMaxDistance: 0.5
  m_AutoUVMaxAngle: 89
  m_LightmapParameters: {fileID: 0}
  m_SortingLayerID: 0
  m_SortingLayer: 0
  m_SortingOrder: -10
  m_Sprite: {fileID: 21300000, guid: 17164e987f36466439d9d3f21d6592d5, type: 3}
  m_Color: {r: 1, g: 1, b: 1, a: 1}
  m_FlipX: 0
  m_FlipY: 0
  m_DrawMode: 0
  m_Size: {x: 8, y: 12.8}
  m_AdaptiveModeThreshold: 0.5
  m_SpriteTileMode: 0
  m_WasSpriteAssigned: 1
  m_MaskInteraction: 0
  m_SpriteSortPoint: 0
--- !u!4 &747395682
Transform:
  m_ObjectHideFlags: 0
  m_CorrespondingSourceObject: {fileID: 0}
  m_PrefabInternal: {fileID: 0}
  m_GameObject: {fileID: 747395680}
  m_LocalRotation: {x: -0, y: -0, z: -0, w: 1}
  m_LocalPosition: {x: 0, y: 0, z: 0}
  m_LocalScale: {x: 1, y: 1, z: 1}
  m_Children: []
  m_Father: {fileID: 1646608254}
  m_RootOrder: 8
  m_LocalEulerAnglesHint: {x: 0, y: 0, z: 0}
--- !u!1001 &804696076
Prefab:
  m_ObjectHideFlags: 0
  serializedVersion: 2
  m_Modification:
    m_TransformParent: {fileID: 1646608254}
    m_Modifications:
    - target: {fileID: 4076910978617622, guid: e396d2d1d8d9fdc41a1c6cafc54e961c, type: 2}
      propertyPath: m_LocalPosition.x
      value: -2.034
      objectReference: {fileID: 0}
    - target: {fileID: 4076910978617622, guid: e396d2d1d8d9fdc41a1c6cafc54e961c, type: 2}
      propertyPath: m_LocalPosition.y
      value: 4.003
      objectReference: {fileID: 0}
    - target: {fileID: 4076910978617622, guid: e396d2d1d8d9fdc41a1c6cafc54e961c, type: 2}
      propertyPath: m_LocalPosition.z
      value: 0
      objectReference: {fileID: 0}
    - target: {fileID: 4076910978617622, guid: e396d2d1d8d9fdc41a1c6cafc54e961c, type: 2}
      propertyPath: m_LocalRotation.x
      value: -0
      objectReference: {fileID: 0}
    - target: {fileID: 4076910978617622, guid: e396d2d1d8d9fdc41a1c6cafc54e961c, type: 2}
      propertyPath: m_LocalRotation.y
      value: -0
      objectReference: {fileID: 0}
    - target: {fileID: 4076910978617622, guid: e396d2d1d8d9fdc41a1c6cafc54e961c, type: 2}
      propertyPath: m_LocalRotation.z
      value: -0
      objectReference: {fileID: 0}
    - target: {fileID: 4076910978617622, guid: e396d2d1d8d9fdc41a1c6cafc54e961c, type: 2}
      propertyPath: m_LocalRotation.w
      value: 1
      objectReference: {fileID: 0}
    - target: {fileID: 4076910978617622, guid: e396d2d1d8d9fdc41a1c6cafc54e961c, type: 2}
      propertyPath: m_RootOrder
      value: 6
      objectReference: {fileID: 0}
    - target: {fileID: 1847528031594954, guid: e396d2d1d8d9fdc41a1c6cafc54e961c, type: 2}
      propertyPath: m_Name
      value: Platform (2)
      objectReference: {fileID: 0}
    m_RemovedComponents: []
  m_SourcePrefab: {fileID: 100100000, guid: e396d2d1d8d9fdc41a1c6cafc54e961c, type: 2}
  m_IsPrefabAsset: 0
--- !u!4 &804696077 stripped
Transform:
  m_CorrespondingSourceObject: {fileID: 4076910978617622, guid: e396d2d1d8d9fdc41a1c6cafc54e961c,
    type: 2}
  m_PrefabInternal: {fileID: 804696076}
--- !u!1001 &1005402983
Prefab:
  m_ObjectHideFlags: 0
  serializedVersion: 2
  m_Modification:
    m_TransformParent: {fileID: 1646608254}
    m_Modifications:
    - target: {fileID: 4097658490572180, guid: 3f5036af5a76e134195c44296acdc2bb, type: 2}
      propertyPath: m_LocalPosition.x
      value: -1.74
      objectReference: {fileID: 0}
    - target: {fileID: 4097658490572180, guid: 3f5036af5a76e134195c44296acdc2bb, type: 2}
      propertyPath: m_LocalPosition.y
      value: 0.98
      objectReference: {fileID: 0}
    - target: {fileID: 4097658490572180, guid: 3f5036af5a76e134195c44296acdc2bb, type: 2}
      propertyPath: m_LocalPosition.z
      value: 0
      objectReference: {fileID: 0}
    - target: {fileID: 4097658490572180, guid: 3f5036af5a76e134195c44296acdc2bb, type: 2}
      propertyPath: m_LocalRotation.x
      value: -0
      objectReference: {fileID: 0}
    - target: {fileID: 4097658490572180, guid: 3f5036af5a76e134195c44296acdc2bb, type: 2}
      propertyPath: m_LocalRotation.y
      value: -0
      objectReference: {fileID: 0}
    - target: {fileID: 4097658490572180, guid: 3f5036af5a76e134195c44296acdc2bb, type: 2}
      propertyPath: m_LocalRotation.z
      value: -0
      objectReference: {fileID: 0}
    - target: {fileID: 4097658490572180, guid: 3f5036af5a76e134195c44296acdc2bb, type: 2}
      propertyPath: m_LocalRotation.w
      value: 1
      objectReference: {fileID: 0}
    - target: {fileID: 4097658490572180, guid: 3f5036af5a76e134195c44296acdc2bb, type: 2}
      propertyPath: m_RootOrder
      value: 7
      objectReference: {fileID: 0}
    m_RemovedComponents: []
  m_SourcePrefab: {fileID: 100100000, guid: 3f5036af5a76e134195c44296acdc2bb, type: 2}
  m_IsPrefabAsset: 0
--- !u!4 &1005402984 stripped
Transform:
  m_CorrespondingSourceObject: {fileID: 4097658490572180, guid: 3f5036af5a76e134195c44296acdc2bb,
    type: 2}
  m_PrefabInternal: {fileID: 1005402983}
--- !u!1001 &1166131853
Prefab:
  m_ObjectHideFlags: 0
  serializedVersion: 2
  m_Modification:
    m_TransformParent: {fileID: 1646608254}
    m_Modifications:
    - target: {fileID: 4443146436696284, guid: d1cb42b64130cf7498a9968cdb51de39, type: 2}
      propertyPath: m_LocalPosition.x
      value: 1.03
      objectReference: {fileID: 0}
    - target: {fileID: 4443146436696284, guid: d1cb42b64130cf7498a9968cdb51de39, type: 2}
      propertyPath: m_LocalPosition.y
      value: 1.89
      objectReference: {fileID: 0}
    - target: {fileID: 4443146436696284, guid: d1cb42b64130cf7498a9968cdb51de39, type: 2}
      propertyPath: m_LocalPosition.z
      value: 0
      objectReference: {fileID: 0}
    - target: {fileID: 4443146436696284, guid: d1cb42b64130cf7498a9968cdb51de39, type: 2}
      propertyPath: m_LocalRotation.x
      value: -0
      objectReference: {fileID: 0}
    - target: {fileID: 4443146436696284, guid: d1cb42b64130cf7498a9968cdb51de39, type: 2}
      propertyPath: m_LocalRotation.y
      value: -0
      objectReference: {fileID: 0}
    - target: {fileID: 4443146436696284, guid: d1cb42b64130cf7498a9968cdb51de39, type: 2}
      propertyPath: m_LocalRotation.z
      value: -0
      objectReference: {fileID: 0}
    - target: {fileID: 4443146436696284, guid: d1cb42b64130cf7498a9968cdb51de39, type: 2}
      propertyPath: m_LocalRotation.w
      value: 1
      objectReference: {fileID: 0}
    - target: {fileID: 4443146436696284, guid: d1cb42b64130cf7498a9968cdb51de39, type: 2}
      propertyPath: m_RootOrder
      value: 5
      objectReference: {fileID: 0}
    - target: {fileID: 1714870516812242, guid: d1cb42b64130cf7498a9968cdb51de39, type: 2}
      propertyPath: m_Name
      value: PlatformBroken (2)
      objectReference: {fileID: 0}
    m_RemovedComponents: []
  m_SourcePrefab: {fileID: 100100000, guid: d1cb42b64130cf7498a9968cdb51de39, type: 2}
  m_IsPrefabAsset: 0
--- !u!4 &1166131854 stripped
Transform:
  m_CorrespondingSourceObject: {fileID: 4443146436696284, guid: d1cb42b64130cf7498a9968cdb51de39,
    type: 2}
  m_PrefabInternal: {fileID: 1166131853}
--- !u!1001 &1501165282
Prefab:
  m_ObjectHideFlags: 0
  serializedVersion: 2
  m_Modification:
    m_TransformParent: {fileID: 1646608254}
    m_Modifications:
    - target: {fileID: 4443146436696284, guid: d1cb42b64130cf7498a9968cdb51de39, type: 2}
      propertyPath: m_LocalPosition.x
      value: 1.49
      objectReference: {fileID: 0}
    - target: {fileID: 4443146436696284, guid: d1cb42b64130cf7498a9968cdb51de39, type: 2}
      propertyPath: m_LocalPosition.y
      value: -2.19
      objectReference: {fileID: 0}
    - target: {fileID: 4443146436696284, guid: d1cb42b64130cf7498a9968cdb51de39, type: 2}
      propertyPath: m_LocalPosition.z
      value: 0
      objectReference: {fileID: 0}
    - target: {fileID: 4443146436696284, guid: d1cb42b64130cf7498a9968cdb51de39, type: 2}
      propertyPath: m_LocalRotation.x
      value: -0
      objectReference: {fileID: 0}
    - target: {fileID: 4443146436696284, guid: d1cb42b64130cf7498a9968cdb51de39, type: 2}
      propertyPath: m_LocalRotation.y
      value: -0
      objectReference: {fileID: 0}
    - target: {fileID: 4443146436696284, guid: d1cb42b64130cf7498a9968cdb51de39, type: 2}
      propertyPath: m_LocalRotation.z
      value: -0
      objectReference: {fileID: 0}
    - target: {fileID: 4443146436696284, guid: d1cb42b64130cf7498a9968cdb51de39, type: 2}
      propertyPath: m_LocalRotation.w
      value: 1
      objectReference: {fileID: 0}
    - target: {fileID: 4443146436696284, guid: d1cb42b64130cf7498a9968cdb51de39, type: 2}
      propertyPath: m_RootOrder
      value: 1
      objectReference: {fileID: 0}
    m_RemovedComponents: []
  m_SourcePrefab: {fileID: 100100000, guid: d1cb42b64130cf7498a9968cdb51de39, type: 2}
  m_IsPrefabAsset: 0
--- !u!4 &1501165283 stripped
Transform:
  m_CorrespondingSourceObject: {fileID: 4443146436696284, guid: d1cb42b64130cf7498a9968cdb51de39,
    type: 2}
  m_PrefabInternal: {fileID: 1501165282}
--- !u!1 &1646608253
GameObject:
  m_ObjectHideFlags: 0
  m_CorrespondingSourceObject: {fileID: 0}
  m_PrefabInternal: {fileID: 0}
  serializedVersion: 6
  m_Component:
  - component: {fileID: 1646608254}
  - component: {fileID: 1646608255}
  m_Layer: 0
  m_Name: PivotPoint
  m_TagString: PP
  m_Icon: {fileID: 0}
  m_NavMeshLayer: 0
  m_StaticEditorFlags: 0
  m_IsActive: 1
--- !u!4 &1646608254
Transform:
  m_ObjectHideFlags: 0
  m_CorrespondingSourceObject: {fileID: 0}
  m_PrefabInternal: {fileID: 0}
  m_GameObject: {fileID: 1646608253}
  m_LocalRotation: {x: 0, y: 0, z: 0, w: 1}
  m_LocalPosition: {x: 0, y: 0, z: 0}
  m_LocalScale: {x: 1, y: 1, z: 1}
  m_Children:
  - {fileID: 673809295}
  - {fileID: 1501165283}
  - {fileID: 592029110}
  - {fileID: 68576038}
  - {fileID: 641537575}
  - {fileID: 1166131854}
  - {fileID: 804696077}
  - {fileID: 1005402984}
  - {fileID: 747395682}
  m_Father: {fileID: 0}
  m_RootOrder: 1
  m_LocalEulerAnglesHint: {x: 0, y: 0, z: 0}
--- !u!114 &1646608255
MonoBehaviour:
  m_ObjectHideFlags: 0
  m_CorrespondingSourceObject: {fileID: 0}
  m_PrefabInternal: {fileID: 0}
  m_GameObject: {fileID: 1646608253}
  m_Enabled: 1
  m_EditorHideFlags: 0
  m_Script: {fileID: 11500000, guid: 61a555776a8e7464aa85379c90460b63, type: 3}
  m_Name: 
  m_EditorClassIdentifier: 
